@misc{ipeds-nis,
  author = {National Center for Education Statistics},
  title = {IPEDS:Number and salary outlays for full-time nonmedical noninstructional staff by occupation: Academic year 2014-15},
  year = 2015,
  url = {https://nces.ed.gov/ipeds/datacenter/data/SAL2014_NIS.zip}
}

@misc{ipeds-is,
  author = {National Center for Education Statistics},
  title = {IPEDS: Number and salary outlays for full-time nonmedical instructional staff, by gender, and academic rank: Academic year 2014-15},
  year = 2015,
  url = {https://nces.ed.gov/ipeds/datacenter/data/SAL2014_NIS.zip}
}

@misc{rev-trends,
  author = {University of California},
  title = {Revenue and Expense Trends: Fiscal Years 2011-2015},
  year = 2015,
  url = {http://finreports.universityofcalifornia.edu/index.php?file=retrends/retrends_2015.pdf}
}

@misc{UCB-consolidated,
  author = {University of California},
  title = {Berkeley: Campus Financial Report 2014-2015},
  year = 2015,
  url = {http://www.ucop.edu/financial-accounting/financial-reports/campus-financial-schedules/14-15/berkeley-consolidated.pdf}
}

@misc{UCSB-consolidated,
  author = {University of California},
  title = {Santa Barbara: Campus Financial Report 2014-2015},
  year = 2015,
  url = {http://www.ucop.edu/financial-accounting/financial-reports/campus-financial-schedules/14-15/santa-barbara-consolidated.pdf}
}

@misc{UCLA-consolidated,
  author = {University of California},
  title = {Los Angeles: Campus Financial Report 2014-2015},
  year = 2015,
  url = {http://www.ucop.edu/financial-accounting/financial-reports/campus-financial-schedules/14-15/los-angeles-consolidated.pdf}
}
                  
@misc{UCB-consolidated-14,
  author = {University of California},
  title = {Berkeley: Campus Financial Report 2013-2014},
  year = 2015,
  url = {http://www.ucop.edu/financial-accounting/financial-reports/campus-financial-schedules/13-14/berkeley-consolidated.pdf}
}

@misc{github-link,
  author = {Not named},
  title = {UC Berkeley Finance Analaysis},
  year = 2017,
  url = {https://github.com/satish0rao/uc-berkeley-finance-analysis}
}

@misc{salary,
  author = {California State Controller},
  title = {2015 University of California Data},
  year = 2016,
  url={http://publicpay.ca.gov/RawExport/2015_UniversityOfCalifornia.zip}
}


@misc{cal-answer-census,
  author = {UC Berkeley},
  title = {Calanswers Database: HR Census},
  year = 2017,
  url={http://calanswers.berkeley.edu}
}

